
@inproceedings{
gansynth,
title={{GANS}ynth: Adversarial Neural Audio Synthesis},
author={Jesse Engel and Kumar Krishna Agrawal and Shuo Chen and Ishaan Gulrajani and Chris Donahue and Adam Roberts},
booktitle={International Conference on Learning Representations},
year={2019},
url={https://openreview.net/forum?id=H1xQVn09FX},
}

@misc{wavenet,
      title={WaveNet: A Generative Model for Raw Audio}, 
      author={Aaron van den Oord and Sander Dieleman and Heiga Zen and Karen Simonyan and Oriol Vinyals and Alex Graves and Nal Kalchbrenner and Andrew Senior and Koray Kavukcuoglu},
      year={2016},
      eprint={1609.03499},
      archivePrefix={arXiv},
      primaryClass={cs.SD}
}

@misc{melnet,
      title={MelNet: A Generative Model for Audio in the Frequency Domain}, 
      author={Sean Vasquez and Mike Lewis},
      year={2019},
      eprint={1906.01083},
      archivePrefix={arXiv},
      primaryClass={eess.AS}
}